<record><leader>00000cas a22000007a 4500</leader><controlfield tag="001">34129175</controlfield><controlfield tag="007">hd bfa---baaa</controlfield><controlfield tag="007">hd bfa---baba</controlfield><controlfield tag="007">hd afa---baca</controlfield><controlfield tag="008">960202u1969uuuumiudr nea     0    0ara d</controlfield><datafield ind1=" " ind2=" " tag="010"><subfield code="a">sn 96034014 </subfield></datafield><datafield ind1=" " ind2=" " tag="040"><subfield code="a">IUL</subfield><subfield code="b">eng</subfield><subfield code="c">IUL</subfield><subfield code="d">OCLCQ</subfield><subfield code="d">IUL</subfield><subfield code="d">OCLCF</subfield></datafield><datafield ind1=" " ind2=" " tag="066"><subfield code="c">(3</subfield></datafield><datafield ind1="1" ind2=" " tag="029"><subfield code="a">AU@</subfield><subfield code="b">000025926860</subfield></datafield><datafield ind1=" " ind2=" " tag="037"><subfield code="a">958</subfield><subfield code="b">IUL</subfield></datafield><datafield ind1=" " ind2=" " tag="042"><subfield code="a">msc</subfield></datafield><datafield ind1=" " ind2=" " tag="043"><subfield code="a">f-so---</subfield></datafield><datafield ind1="0" ind2="0" tag="245"><subfield code="6">880-01</subfield><subfield code="a">Najmat Uktu&#772;bir</subfield><subfield code="h">[microform].</subfield></datafield><datafield ind1=" " ind2=" " tag="260"><subfield code="6">880-02</subfield><subfield code="a">[Maqdishu&#772;?] al-S&#803;u&#772;ma&#772;l :</subfield><subfield code="b">Wiza&#772;rat al-I&#699;la&#772;m wa-al-Irsha&#772;d al-Qawmi&#772;</subfield></datafield><datafield ind1=" " ind2=" " tag="300"><subfield code="a">v. :</subfield><subfield code="b">ill. ;</subfield><subfield code="c">41-50 cm.</subfield></datafield><datafield ind1=" " ind2=" " tag="310"><subfield code="a">Daily</subfield></datafield><datafield ind1="1" ind2=" " tag="362"><subfield code="a">Began with: al-Sanah 1., al-&#699;adad 1 (23 Uktu&#772;bir 1969).</subfield></datafield><datafield ind1=" " ind2=" " tag="530"><subfield code="a">Also issued on microfilm by the Library of Congress Photoduplication Service.</subfield></datafield><datafield ind1=" " ind2=" " tag="550"><subfield code="a">Issued by: Wiza&#772;rat al-I&#699;la&#772;m wa-al-Irsha&#772;d al-Qawmi&#772;, &lt;-1977&gt;; by: Wiza&#772;rat al-I&#699;la&#772;m wa-al-Irsha&#772;d al-Qawmi&#772; wa-al-Siya&#772;h&#803;ah, &lt;15-17 Ughust&#803;us 1988-&gt;</subfield></datafield><datafield ind1=" " ind2=" " tag="588"><subfield code="a">Description based on: 18 Fabrayar 1975.</subfield></datafield><datafield ind1=" " ind2=" " tag="533"><subfield code="a">Microfilm.</subfield><subfield code="m">Consists of some of the issues missing from microfilm by the Library of Congress Photoduplication Service</subfield><subfield code="b">Ann Arbor, Mich. :</subfield><subfield code="c">Filmed by University Microfilms International for Indiana University, Bloomington,</subfield><subfield code="d">1996.</subfield><subfield code="e">1 microfilm reel ; 35 mm.</subfield></datafield><datafield ind1=" " ind2="0" tag="651"><subfield code="a">Mogadishu (Somalia)</subfield><subfield code="v">Newspapers.</subfield></datafield><datafield ind1=" " ind2="7" tag="655"><subfield code="a">Newspapers.</subfield><subfield code="2">fast</subfield><subfield code="0">(OCoLC)fst01423814</subfield></datafield><datafield ind1=" " ind2="7" tag="651"><subfield code="a">Somalia</subfield><subfield code="z">Mogadishu.</subfield><subfield code="2">fast</subfield><subfield code="0">(OCoLC)fst01206065</subfield></datafield><datafield ind1="1" ind2=" " tag="710"><subfield code="a">Somalia.</subfield><subfield code="b">Ministry of Information.</subfield></datafield><datafield ind1="1" ind2=" " tag="710"><subfield code="a">Somalia.</subfield><subfield code="b">Wasaaradda Warfaafinta iyo Hanuuninta Dadweynaha.</subfield></datafield><datafield ind1="1" ind2=" " tag="710"><subfield code="6">880-03</subfield><subfield code="a">Somalia.</subfield><subfield code="b">Wiza&#772;rat al-I&#699;la&#772;m wa-al-Irsha&#772;d al-Qawmi&#772; wa-al-Siya&#772;h&#803;ah.</subfield></datafield><datafield ind1=" " ind2=" " tag="752"><subfield code="a">Somalia</subfield><subfield code="b">Mogadishu.</subfield></datafield><datafield ind1="1" ind2=" " tag="776"><subfield code="c">Original</subfield><subfield code="w">(DLC)sn 95033690</subfield></datafield><datafield ind1="0" ind2="0" tag="880"><subfield code="6">245-01/(3/r</subfield><subfield code="a">&#1606;&#1580;&#1605;&#1577; &#1575;&#1603;&#1578;&#1608;&#1576;&#1585;</subfield><subfield code="h">[microform].</subfield></datafield><datafield ind1=" " ind2=" " tag="880"><subfield code="6">260-02/(3/r</subfield><subfield code="a">[&#1605;&#1602;&#1583;&#1588;&#1608;&#1567;] &#1575;&#1604;&#1589;&#1608;&#1605;&#1575;&#1604; :</subfield><subfield code="b">&#1608;&#1586;&#1575;&#1585;&#1577; &#1575;&#1604;&#1575;&#1593;&#1604;&#1575;&#1605; &#1608;&#1575;&#1604;&#1575;&#1585;&#1588;&#1575;&#1583; &#1575;&#1604;&#1602;&#1608;&#1605;&#1610;</subfield></datafield><datafield ind1="1" ind2=" " tag="880"><subfield code="6">710-03/(3/r</subfield><subfield code="a">&#1589;&#1608;&#1605;&#1575;&#1604;.</subfield><subfield code="b">&#1608;&#1586;&#1575;&#1585;&#1577; &#1575;&#1604;&#1575;&#1593;&#1604;&#1575;&#1605; &#1608;&#1575;&#1604;&#1575;&#1585;&#1588;&#1575;&#1583; &#1575;&#1604;&#1602;&#1608;&#1605;&#1610; &#1608;&#1575;&#1604;&#1587;&#1610;&#1575;&#1581;&#1577;.</subfield></datafield><datafield ind1=" " ind2=" " tag="936"><subfield code="a">17 Ughust&#803;us 1988 LIC; Expected date of microfilming, 3-2-96</subfield></datafield></record>